%% This BibTeX bibliography file was created using BibDesk.
%% https://bibdesk.sourceforge.io/

%% Created for Alexander von Hafften at 2022-05-14 13:44:14 -0500 


%% Saved with string encoding Unicode (UTF-8) 



@article{kareken_wallace_1978,
	author = {John H. Kareken and Neil Wallace},
	date-added = {2022-05-14 13:42:42 -0500},
	date-modified = {2022-05-14 13:44:14 -0500},
	journal = {The Journal of Business},
	month = {July},
	number = {3},
	pages = {413-438},
	title = {Deposit Insurance and Bank Regulation: A Partial-Equilibrium Exposition},
	volume = {51},
	year = {1978}}

@article{diamond_dybvig_1983,
	author = {Douglas Diamond and Phillip H. Dybvig},
	date-added = {2022-05-14 13:40:54 -0500},
	date-modified = {2022-05-14 13:42:29 -0500},
	journal = {Journal of Political Economy},
	number = {3},
	pages = {401-419},
	title = {Bank runs, deposit insurance, and liquidity},
	volume = {91},
	year = {1983}}

@article{dang_2017,
	author = {Tri Vi Dang and Gary Gorton and Bengt Holmstrom and Guillermo Ordonez},
	date-added = {2022-05-14 13:30:04 -0500},
	date-modified = {2022-05-14 13:33:11 -0500},
	journal = {American Economic Review},
	number = {4},
	pages = {1005-1029},
	title = {Banks as Secret Keepers},
	volume = {107},
	year = {2017}}

@article{atkeson_lucas_1992,
	author = {Andrew Atkeson and Robert E. Lucas Jr.},
	date-added = {2022-05-14 13:26:41 -0500},
	date-modified = {2022-05-14 13:33:52 -0500},
	journal = {The Review of Economic Studies},
	month = {July},
	number = {3},
	pages = {427-453},
	title = {On Efficient Distribution with Private Information},
	volume = {59},
	year = {1992}}

@article{fariaecastro_2020,
	author = {Miguel Faria e Castro},
	date-added = {2022-05-14 13:22:09 -0500},
	date-modified = {2022-05-14 13:22:53 -0500},
	journal = {Working paper},
	title = {A Quantitative Analysis of the Countercyclical Capital Buffer},
	year = {2020}}

@article{denicolo_2014,
	author = {Gianni De Nicolo and Andrea Gamba and Marcella Lucchetta},
	date-added = {2022-05-14 13:20:45 -0500},
	date-modified = {2022-05-14 13:38:50 -0500},
	journal = {Review of Financial Studies},
	number = {7},
	title = {Microprudential Regulation in a Dynamic Model of Banking},
	volume = {27},
	year = {2014}}

@article{corbae_levine_2022,
	author = {Dean Corbae and Ross Levine},
	date-added = {2022-05-14 13:19:58 -0500},
	date-modified = {2022-05-14 13:33:31 -0500},
	journal = {Working paper},
	title = {Competition, Stability, and Efficiency in the Banking Industry},
	year = {2022}}

@article{corbae_derasmo_2021,
	author = {Dean Corabe and Pablo D'Erasmo},
	date-added = {2022-05-14 13:18:30 -0500},
	date-modified = {2022-05-14 13:33:24 -0500},
	journal = {Econometrica},
	number = {5},
	title = {Capital Buffers in a Quantitative Model of Banking Industry Dynamics},
	volume = {88},
	year = {2021}}

@article{bianchi_bigio_2021,
	author = {Javier Bianchi and Saki Bigio},
	date-added = {2022-05-14 13:17:37 -0500},
	date-modified = {2022-05-14 13:33:17 -0500},
	journal = {Working paper},
	month = {March},
	title = {Banks, Liquidity Management, and Monetary Policy},
	year = {2021}}

@article{begenau_landvoigt_2021,
	author = {Juliane Begenau and Tim Landvoigt},
	date-added = {2022-05-14 13:15:39 -0500},
	date-modified = {2022-05-14 13:33:37 -0500},
	journal = {Review of Economic Studies},
	pages = {1-37},
	read = {0},
	title = {Financial Regulation in a Quantitative Model of the Modern Banking System},
	volume = {0},
	year = {2021},
	bdsk-file-1 = {YnBsaXN0MDDSAQIDBFxyZWxhdGl2ZVBhdGhZYWxpYXNEYXRhXxBILi4vLi4vLi4vZmllbGRfcGFwZXIvbGl0L1F1YW50YXRpdmUgR0UgbW9kZWxzL0JlZ2VuYXUgTGFuZHZvaWd0IDIwMjEucGRmTxEB7AAAAAAB7AACAAAMTWFjaW50b3NoIEhEAAAAAAAAAAAAAAAAAAAAAAAAAEJEAAH/////GkJlZ2VuYXUgTGFuZHZvaWd0IDIwMjEucGRmAAAAAAAAAAAAAAAAAAAAAAAAAAAAAAAAAAAAAAAAAAAAAAAAAP////8AAAAAAAAAAAAAAAAAAwAEAAAKIGN1AAAAAAAAAAAAAAAAABRRdWFudGF0aXZlIEdFIG1vZGVscwACAGcvOlVzZXJzOnZvbmhhZmZ0ZW46RG9jdW1lbnRzOlVXIE1hZGlzb246ZmllbGRfcGFwZXI6bGl0OlF1YW50YXRpdmUgR0UgbW9kZWxzOkJlZ2VuYXUgTGFuZHZvaWd0IDIwMjEucGRmAAAOADYAGgBCAGUAZwBlAG4AYQB1ACAATABhAG4AZAB2AG8AaQBnAHQAIAAyADAAMgAxAC4AcABkAGYADwAaAAwATQBhAGMAaQBuAHQAbwBzAGgAIABIAEQAEgBlVXNlcnMvdm9uaGFmZnRlbi9Eb2N1bWVudHMvVVcgTWFkaXNvbi9maWVsZF9wYXBlci9saXQvUXVhbnRhdGl2ZSBHRSBtb2RlbHMvQmVnZW5hdSBMYW5kdm9pZ3QgMjAyMS5wZGYAABMAAS8AABUAAgAR//8AAAAIAA0AGgAkAG8AAAAAAAACAQAAAAAAAAAFAAAAAAAAAAAAAAAAAAACXw==}}

@article{vandenheuvel_2008,
	author = {Skander J. Van den Heuvel},
	date-added = {2022-05-14 13:14:31 -0500},
	date-modified = {2022-05-14 13:37:49 -0500},
	journal = {Journal of Monetary Economics},
	pages = {298-320},
	title = {The welfare cost of bank capital requirements},
	volume = {55},
	year = {2008}}

@article{pandolfo_2021,
	author = {Jordan Pandolfo},
	date-added = {2022-05-14 13:13:06 -0500},
	date-modified = {2022-05-14 13:24:21 -0500},
	journal = {JMP},
	title = {Bank Regulation: Capital and Liquidity Requirements},
	year = {2021}}
