%% This BibTeX bibliography file was created using BibDesk.
%% https://bibdesk.sourceforge.io/

%% Created for Alexander von Hafften at 2022-03-26 12:34:52 -0500 


%% Saved with string encoding Unicode (UTF-8) 



@misc{smith2022,
	author = {Jeffrey Smith},
	date-added = {2022-03-26 12:34:23 -0500},
	date-modified = {2022-03-26 12:34:52 -0500},
	title = {Lecture notes on synthetic control},
	year = {2022}}

@article{adh2010,
	author = {Alberto Abadie and Alexis Diamond and Jens Hainmueller},
	date-added = {2022-03-26 12:26:29 -0500},
	date-modified = {2022-03-26 12:28:13 -0500},
	journal = {Journal of the American Statistical Association},
	number = {490},
	pages = {493-505},
	title = {Synthetic Control Methods for Comparative Case Studies: Estimating the Effect of California's Tobacco Control Program},
	volume = {105},
	year = {2010}}

@misc{dfa2010,
	author = {Dodd-Frank},
	date-added = {2022-03-26 10:45:58 -0500},
	date-modified = {2022-03-26 10:49:01 -0500},
	title = {Dodd-Frank Wall Street Reform and Consumer Protection Act (H.R. 4173)},
	year = {2010}}

@article{abadie2021,
	author = {Alberto Abadie},
	date-added = {2022-03-26 10:42:48 -0500},
	date-modified = {2022-03-26 10:43:42 -0500},
	journal = {Journal of Economic Literature},
	number = {2},
	pages = {391-425},
	title = {Using Synthetic Controls: Feasibility, Data Requirements, and Methodological Aspects},
	volume = {59},
	year = {2021},
	bdsk-file-1 = {YnBsaXN0MDDSAQIDBFxyZWxhdGl2ZVBhdGhZYWxpYXNEYXRhXxAUbGl0L2plbC4yMDE5MTQ1MC5wZGZPEQGwAAAAAAGwAAIAAAxNYWNpbnRvc2ggSEQAAAAAAAAAAAAAAAAAAAAAAAAAQkQAAf////8QamVsLjIwMTkxNDUwLnBkZgAAAAAAAAAAAAAAAAAAAAAAAAAAAAAAAAAAAAAAAAAAAAAAAAAAAAAAAAAAAAAA/////wAAAAAAAAAAAAAAAAABAAMAAAogY3UAAAAAAAAAAAAAAAAAA2xpdAAAAgBbLzpVc2Vyczp2b25oYWZmdGVuOkRvY3VtZW50czpVVyBNYWRpc29uOnByb2JsZW1fc2V0czplY29uXzcxN2E6cHJvamVjdDpsaXQ6amVsLjIwMTkxNDUwLnBkZgAADgAiABAAagBlAGwALgAyADAAMQA5ADEANAA1ADAALgBwAGQAZgAPABoADABNAGEAYwBpAG4AdABvAHMAaAAgAEgARAASAFlVc2Vycy92b25oYWZmdGVuL0RvY3VtZW50cy9VVyBNYWRpc29uL3Byb2JsZW1fc2V0cy9lY29uXzcxN2EvcHJvamVjdC9saXQvamVsLjIwMTkxNDUwLnBkZgAAEwABLwAAFQACABH//wAAAAgADQAaACQAOwAAAAAAAAIBAAAAAAAAAAUAAAAAAAAAAAAAAAAAAAHv}}

@unpublished{bendavid2018,
	author = {Itzhak Ben-David and Giovanni Cerulli and Franco Fiordelisi and David Marques-Ibanez},
	date-added = {2022-03-26 10:26:31 -0500},
	date-modified = {2022-03-26 10:27:22 -0500},
	note = {Working Paper presented at the 2019 American Finance Association Meeting},
	title = {Seeking My Supervisor: Evidence from the Centralization of Banking Supervision in Europe},
	year = {2018},
	bdsk-file-1 = {YnBsaXN0MDDSAQIDBFxyZWxhdGl2ZVBhdGhZYWxpYXNEYXRhXxA4bGl0L0Jlbi1EYXZpZCBDZXJ1bGxpIEZpb3JkZWxpc2kgTWFycXVlcy1JYmFuZXogMjAxOC5wZGZPEQJAAAAAAAJAAAIAAAxNYWNpbnRvc2ggSEQAAAAAAAAAAAAAAAAAAAAAAAAAQkQAAf////8fQmVuLURhdmlkIENlcnVsbGkgI0ZGRkZGRkZGLnBkZgAAAAAAAAAAAAAAAAAAAAAAAAAAAAAAAAAAAAAAAAAA/////wAAAAAAAAAAAAAAAAABAAMAAAogY3UAAAAAAAAAAAAAAAAAA2xpdAAAAgB/LzpVc2Vyczp2b25oYWZmdGVuOkRvY3VtZW50czpVVyBNYWRpc29uOnByb2JsZW1fc2V0czplY29uXzcxN2E6cHJvamVjdDpsaXQ6QmVuLURhdmlkIENlcnVsbGkgRmlvcmRlbGlzaSBNYXJxdWVzLUliYW5leiAyMDE4LnBkZgAADgBqADQAQgBlAG4ALQBEAGEAdgBpAGQAIABDAGUAcgB1AGwAbABpACAARgBpAG8AcgBkAGUAbABpAHMAaQAgAE0AYQByAHEAdQBlAHMALQBJAGIAYQBuAGUAegAgADIAMAAxADgALgBwAGQAZgAPABoADABNAGEAYwBpAG4AdABvAHMAaAAgAEgARAASAH1Vc2Vycy92b25oYWZmdGVuL0RvY3VtZW50cy9VVyBNYWRpc29uL3Byb2JsZW1fc2V0cy9lY29uXzcxN2EvcHJvamVjdC9saXQvQmVuLURhdmlkIENlcnVsbGkgRmlvcmRlbGlzaSBNYXJxdWVzLUliYW5leiAyMDE4LnBkZgAAEwABLwAAFQACABH//wAAAAgADQAaACQAXwAAAAAAAAIBAAAAAAAAAAUAAAAAAAAAAAAAAAAAAAKj}}

@unpublished{cerulli2021,
	author = {Giovanni Cerulli and Franco Fiordelisi and David Marques-Ibanez},
	date-added = {2022-03-26 10:24:12 -0500},
	date-modified = {2022-03-26 10:25:16 -0500},
	note = {Working Paper presented at the 2021 Western Finance Association Meeting},
	title = {The Burden of Bank Supervision},
	year = {2021},
	bdsk-file-1 = {YnBsaXN0MDDSAQIDBFxyZWxhdGl2ZVBhdGhZYWxpYXNEYXRhXxAubGl0L0NlcnVsbGkgRmlvcmRlbGlzaSBNYXJxdWVzLUliYW5leiAyMDIxLnBkZk8RAhgAAAAAAhgAAgAADE1hY2ludG9zaCBIRAAAAAAAAAAAAAAAAAAAAAAAAABCRAAB/////x9DZXJ1bGxpIEZpb3JkZWxpc2kjRkZGRkZGRkYucGRmAAAAAAAAAAAAAAAAAAAAAAAAAAAAAAAAAAAAAAAAAAD/////AAAAAAAAAAAAAAAAAAEAAwAACiBjdQAAAAAAAAAAAAAAAAADbGl0AAACAHUvOlVzZXJzOnZvbmhhZmZ0ZW46RG9jdW1lbnRzOlVXIE1hZGlzb246cHJvYmxlbV9zZXRzOmVjb25fNzE3YTpwcm9qZWN0OmxpdDpDZXJ1bGxpIEZpb3JkZWxpc2kgTWFycXVlcy1JYmFuZXogMjAyMS5wZGYAAA4AVgAqAEMAZQByAHUAbABsAGkAIABGAGkAbwByAGQAZQBsAGkAcwBpACAATQBhAHIAcQB1AGUAcwAtAEkAYgBhAG4AZQB6ACAAMgAwADIAMQAuAHAAZABmAA8AGgAMAE0AYQBjAGkAbgB0AG8AcwBoACAASABEABIAc1VzZXJzL3ZvbmhhZmZ0ZW4vRG9jdW1lbnRzL1VXIE1hZGlzb24vcHJvYmxlbV9zZXRzL2Vjb25fNzE3YS9wcm9qZWN0L2xpdC9DZXJ1bGxpIEZpb3JkZWxpc2kgTWFycXVlcy1JYmFuZXogMjAyMS5wZGYAABMAAS8AABUAAgAR//8AAAAIAA0AGgAkAFUAAAAAAAACAQAAAAAAAAAFAAAAAAAAAAAAAAAAAAACcQ==}}

@unpublished{granja2018,
	author = {Joao Granja and Christian Leuz},
	date-added = {2022-03-26 10:20:44 -0500},
	date-modified = {2022-03-26 10:22:11 -0500},
	note = {Working Paper presented at the 2019 American Finance Association Meeting},
	title = {The Death of a Regulator: Strict Supervision, Bank Lending and Business Activity},
	year = {2018},
	bdsk-file-1 = {YnBsaXN0MDDSAQIDBFxyZWxhdGl2ZVBhdGhZYWxpYXNEYXRhXxAYbGl0L0dyYW5qYSBMZXV6IDIwMTgucGRmTxEBwAAAAAABwAACAAAMTWFjaW50b3NoIEhEAAAAAAAAAAAAAAAAAAAAAAAAAEJEAAH/////FEdyYW5qYSBMZXV6IDIwMTgucGRmAAAAAAAAAAAAAAAAAAAAAAAAAAAAAAAAAAAAAAAAAAAAAAAAAAAAAAAAAP////8AAAAAAAAAAAAAAAAAAQADAAAKIGN1AAAAAAAAAAAAAAAAAANsaXQAAAIAXy86VXNlcnM6dm9uaGFmZnRlbjpEb2N1bWVudHM6VVcgTWFkaXNvbjpwcm9ibGVtX3NldHM6ZWNvbl83MTdhOnByb2plY3Q6bGl0OkdyYW5qYSBMZXV6IDIwMTgucGRmAAAOACoAFABHAHIAYQBuAGoAYQAgAEwAZQB1AHoAIAAyADAAMQA4AC4AcABkAGYADwAaAAwATQBhAGMAaQBuAHQAbwBzAGgAIABIAEQAEgBdVXNlcnMvdm9uaGFmZnRlbi9Eb2N1bWVudHMvVVcgTWFkaXNvbi9wcm9ibGVtX3NldHMvZWNvbl83MTdhL3Byb2plY3QvbGl0L0dyYW5qYSBMZXV6IDIwMTgucGRmAAATAAEvAAAVAAIAEf//AAAACAANABoAJAA/AAAAAAAAAgEAAAAAAAAABQAAAAAAAAAAAAAAAAAAAgM=}}

@unpublished{passalacqua2020,
	author = {Andrea Passalacqua and Paolo Angelini and Francesca Lotti and Giovanni Soggia},
	date-added = {2022-03-26 09:50:34 -0500},
	date-modified = {2022-03-26 10:08:46 -0500},
	note = {Working paper presented at the 2021 Western Finance Association Meeting},
	read = {1},
	title = {The Real Effects of Bank Supervision: Evidence from on-site Bank Inspections},
	year = {2020},
	bdsk-file-1 = {YnBsaXN0MDDSAQIDBFxyZWxhdGl2ZVBhdGhZYWxpYXNEYXRhXxAebGl0L1Bhc3NhbGFjcXVhIGV0IGFsIDIwMjAucGRmTxEB2AAAAAAB2AACAAAMTWFjaW50b3NoIEhEAAAAAAAAAAAAAAAAAAAAAAAAAEJEAAH/////GlBhc3NhbGFjcXVhIGV0IGFsIDIwMjAucGRmAAAAAAAAAAAAAAAAAAAAAAAAAAAAAAAAAAAAAAAAAAAAAAAAAP////8AAAAAAAAAAAAAAAAAAQADAAAKIGN1AAAAAAAAAAAAAAAAAANsaXQAAAIAZS86VXNlcnM6dm9uaGFmZnRlbjpEb2N1bWVudHM6VVcgTWFkaXNvbjpwcm9ibGVtX3NldHM6ZWNvbl83MTdhOnByb2plY3Q6bGl0OlBhc3NhbGFjcXVhIGV0IGFsIDIwMjAucGRmAAAOADYAGgBQAGEAcwBzAGEAbABhAGMAcQB1AGEAIABlAHQAIABhAGwAIAAyADAAMgAwAC4AcABkAGYADwAaAAwATQBhAGMAaQBuAHQAbwBzAGgAIABIAEQAEgBjVXNlcnMvdm9uaGFmZnRlbi9Eb2N1bWVudHMvVVcgTWFkaXNvbi9wcm9ibGVtX3NldHMvZWNvbl83MTdhL3Byb2plY3QvbGl0L1Bhc3NhbGFjcXVhIGV0IGFsIDIwMjAucGRmAAATAAEvAAAVAAIAEf//AAAACAANABoAJABFAAAAAAAAAgEAAAAAAAAABQAAAAAAAAAAAAAAAAAAAiE=}}
